@inproceedings{redmon2016yolo,
  title={You Only Look Once: Unified, Real-Time Object Detection},
  author={Redmon, Joseph and Divvala, Santosh and Girshick, Ross and Farhadi, Ali},
  year={2016},
  organization={University of Washington, Allen Institute for AI, Facebook AI Research},
  url={http://engineering.purdue.edu/~mark/puthesis}
}
